@article{ref_genepop,
  title={genepop’007: a complete re-implementation of the genepop software for Windows and Linux},
  author={Rousset, Francois},
  journal={Molecular ecology resources},
  volume={8},
  number={1},
  pages={103--106},
  year={2008},
  publisher={Wiley Online Library}
}

@article{ref_arlequin,
  title={Arlequin suite ver 3.5: a new series of programs to perform population genetics analyses under Linux and Windows},
  author={Excoffier, Laurent and Lischer, Heidi EL},
  journal={Molecular ecology resources},
  volume={10},
  number={3},
  pages={564--567},
  year={2010},
  publisher={Wiley Online Library}
}

@article{ref_familias,
  title={Familias 3--extensions and new functionality},
  author={Kling, Daniel and Tillmar, Andreas O and Egeland, Thore},
  journal={Forensic Science International: Genetics},
  volume={13},
  pages={121--127},
  year={2014},
  publisher={Elsevier}
}

@article{ref_strider,
  title={Recommendations of the DNA Commission of the International Society for Forensic Genetics (ISFG) on quality control of autosomal Short Tandem Repeat allele frequency databasing (STRidER)},
  author={Bodner, Martin and Bastisch, Ingo and Butler, John M and Fimmers, Rolf and Gill, Peter and Gusm{\~a}o, Leonor and Morling, Niels and Phillips, Christopher and Prinz, Mechthild and Schneider, Peter M and others},
  journal={Forensic Science International: Genetics},
  volume={24},
  pages={97--102},
  year={2016},
  publisher={Elsevier}
}

@article{ref_straf,
  title={STRAF—a convenient online tool for STR data evaluation in forensic genetics},
  author={Gouy, Alexandre and Zieger, Martin},
  journal={Forensic Science International: Genetics},
  volume={30},
  pages={148--151},
  year={2017},
  publisher={Elsevier}
}